<record><leader>00000cas a22000007a 4500</leader><controlfield tag="001">25858096</controlfield><controlfield tag="008">920521d19201923ncuwr ne      0    0eng d</controlfield><datafield ind1=" " ind2=" " tag="010"><subfield code="a">sn 92073054 </subfield></datafield><datafield ind1=" " ind2=" " tag="040"><subfield code="a">NVJ</subfield><subfield code="b">eng</subfield><subfield code="c">NVJ</subfield><subfield code="d">FUG</subfield><subfield code="d">OCLCQ</subfield></datafield><datafield ind1=" " ind2=" " tag="042"><subfield code="a">msc</subfield></datafield><datafield ind1="0" ind2=" " tag="130"><subfield code="a">Progressive farmer (Raleigh, N.C. : Carolinas-Virginia ed.)</subfield></datafield><datafield ind1="1" ind2="4" tag="245"><subfield code="a">The progressive farmer.</subfield></datafield><datafield ind1=" " ind2=" " tag="250"><subfield code="a">Carolinas-Virginia ed.</subfield></datafield><datafield ind1=" " ind2=" " tag="260"><subfield code="a">Raleigh, N.C. :</subfield><subfield code="b">Progressive Farmer Co.</subfield></datafield><datafield ind1=" " ind2=" " tag="300"><subfield code="a">v.</subfield></datafield><datafield ind1=" " ind2=" " tag="310"><subfield code="a">Weekly</subfield></datafield><datafield ind1="0" ind2=" " tag="362"><subfield code="a">Vol. 35, no. 45 (Nov. 6, 1920)-v. 38, no. 1 (Jan. 6, 1923).</subfield></datafield><datafield ind1=" " ind2=" " tag="752"><subfield code="a">United States</subfield><subfield code="b">North Carolina</subfield><subfield code="c">Wake</subfield><subfield code="d">Raleigh.</subfield></datafield><datafield ind1="0" ind2="0" tag="780"><subfield code="t">Progressive farmer (Raleigh, N.C. : Eastern ed.)</subfield><subfield code="w">(DLC)sn 92073053</subfield></datafield><datafield ind1="0" ind2="0" tag="785"><subfield code="t">Progressive farmer and farm woman (Raleigh, N.C. : Carolinas-Virginia ed.)</subfield><subfield code="w">(DLC)sn 92073055</subfield></datafield><datafield ind1=" " ind2=" " tag="936"><subfield code="a">RECORD REPORTED FOR DELETION -- USE #25858085</subfield></datafield></record>